

@article{arsigny2006log,
  title={Log-Euclidean metrics for fast and simple calculus on diffusion tensors},
  author={Arsigny, Vincent and Fillard, Pierre and Pennec, Xavier and Ayache, Nicholas},
  journal={Magnetic Resonance in Medicine: An Official Journal of the International Society for Magnetic Resonance in Medicine},
  volume={56},
  number={2},
  pages={411--421},
  year={2006},
  publisher={Wiley Online Library}
}

@article{juul2021fixed,
  title={Fixed-time descriptive statistics underestimate extremes of epidemic curve ensembles},
  author={Juul, Jonas L and Gr{\ae}sb{\o}ll, Kaare and Christiansen, Lasse Engbo and Lehmann, Sune},
  journal={Nature Physics},
  volume={17},
  number={1},
  pages={5--8},
  year={2021},
  publisher={Nature Publishing Group}
}

@inproceedings{abboud2015tight,
  title={Tight hardness results for LCS and other sequence similarity measures},
  author={Abboud, Amir and Backurs, Arturs and Williams, Virginia Vassilevska},
  booktitle={2015 IEEE 56th Annual Symposium on Foundations of Computer Science},
  pages={59--78},
  year={2015},
  organization={IEEE},
  doi={10.1109/FOCS.2015.14}
}


